@book{adams1995hitchhiker,
  title={The Hitchhiker's Guide to the Galaxy},
  author={Adams, D.},
  isbn={9781417642595},
  url={http://books.google.com/books?id=W-xMPgAACAAJ},
  year={1995},
  publisher={San Val}
}



@book{asquith2004basic,
  title={Basic well log analysis},
  author={Asquith, George B and Krygowski, Daniel and Gibson, Charles R},
  volume={16},
  year={2004},
  publisher={American Association of Petroleum Geologists Tulsa}
}


@inproceedings{beitzel2004hourly,
  title={Hourly analysis of a very large topically categorized web query log},
  author={Beitzel, Steven M and Jensen, Eric C and Chowdhury, Abdur and Grossman, David and Frieder, Ophir},
  booktitle={Proceedings of the 27th annual international ACM SIGIR conference on Research and development in information retrieval},
  pages={321--328},
  year={2004},
  organization={ACM}
}


@article{einstein,
    author = "Albert Einstein",
    title = "{Zur Elektrodynamik bewegter K{\"o}rper}. ({German})
    [{On} the electrodynamics of moving bodies]",
    journal = "Annalen der Physik",
    volume = "322",
    number = "10",
    pages = "891--921",
    year = "1905",
    DOI = "http://dx.doi.org/10.1002/andp.19053221004",
    keywords = "physics"
}
 
@book{dirac,
    title = {The Principles of Quantum Mechanics},
    author = {Paul Adrien Maurice Dirac},
    isbn = {9780198520115},
    series = {International series of monographs on physics},
    year = {1981},
    publisher = {Clarendon Press},
    keywords = {physics}
}
