@article{shimodaira2014text,
  title={Text classification using naive bayes},
  author={Shimodaira, Hiroshi},
  journal={Learning and Data Note},
  volume={7},
  pages={1--9},
  year={2014}
}

@book{goodfellow2016deep,
	title={Deep learning},
	author={Goodfellow, Ian and Bengio, Yoshua and Courville, Aaron and Bengio, Yoshua},
	volume={1},
	year={2016},
	publisher={MIT press Cambridge}
}


@book{Murphy2012,
	title={Machine learning, a probabilistic perspective},
	author={Murphy, Kevin},
	year={2012},
	publisher={The MIT Press}
}


@article{ma2003log,
  title={Log Analysis-Based Intrusion Detection via Unsupervised Learning},
  author={Ma, Pingchuan},
  journal={School of Informatics University of Edinburgh},
  pages={1--70},
  year={2003}
}

@mastersthesis{zwietasch2014detecting,
  title={Detecting anomalies in system log files using machine learning techniques},
  author={Zwietasch, Tim},
  type={{B.S.} thesis},
  year={2014}
}

@article{li2013automatic,
  title={Automatic Log Analysis using Machine Learning},
  author={Li, Weixi},
  journal={Department of Information Technology, Uppsala University},
  year={2013}
}


@inproceedings{saneifar2009mining,
	title={Mining for relevant terms from log files},
	author={Saneifar, Hassan and Bonniol, St{\'e}phane and Laurent, Anne and Poncelet, Pascal and Roche, Mathieu},
	booktitle={KDIR'09: International Conference on Knowledge Discovery and Information Retrieval},
	pages={77--84},
	year={2009}
}


@inproceedings{bertero2017experience,
	title={Experience Report: Log Mining using Natural Language Processing and Application to Anomaly Detection},
	author={Bertero, Christophe and Roy, Matthieu and Sauvanaud, Carla and Tr{\'e}dan, Gilles},
	booktitle={28th International Symposium on Software Reliability Engineering (ISSRE 2017)},
	pages={10p},
	year={2017}
}


@article{ruder2016overview,
	title={An overview of gradient descent optimization algorithms},
	author={Ruder, Sebastian},
	journal={arXiv preprint arXiv:1609.04747},
	year={2016}
}

@inproceedings{zheng2009system,
	title={System log pre-processing to improve failure prediction},
	author={Zheng, Ziming and Lan, Zhiling and Park, Byung H and Geist, Al},
	booktitle={Dependable Systems \& Networks, 2009. DSN'09. IEEE/IFIP International Conference on},
	pages={572--577},
	year={2009},
	organization={IEEE}
}

@article{oliner2012advances,
	title={Advances and challenges in log analysis},
	author={Oliner, Adam and Ganapathi, Archana and Xu, Wei},
	journal={Communications of the ACM},
	volume={55},
	number={2},
	pages={55--61},
	year={2012},
	publisher={ACM}
}


@inproceedings{lim2008log,
	title={A log mining approach to failure analysis of enterprise telephony systems},
	author={Lim, Chinghway and Singh, Navjot and Yajnik, Shalini},
	booktitle={Dependable Systems and Networks With FTCS and DCC, 2008. DSN 2008. IEEE International Conference on},
	pages={398--403},
	year={2008},
	organization={IEEE}
}


@inproceedings{xu2009detecting,
	title={Detecting large-scale system problems by mining console logs},
	author={Xu, Wei and Huang, Ling and Fox, Armando and Patterson, David and Jordan, Michael I},
	booktitle={Proceedings of the ACM SIGOPS 22nd symposium on Operating systems principles},
	pages={117--132},
	year={2009},
	organization={ACM}
}

@article{sebastiani2002machine,
	title={Machine learning in automated text categorization},
	author={Sebastiani, Fabrizio},
	journal={ACM computing surveys (CSUR)},
	volume={34},
	number={1},
	pages={1--47},
	year={2002},
	publisher={ACM}
}

@article{schmidt2018representation,
	title={Representation Learning for Resource Usage Prediction},
	author={Schmidt, Florian and Niepert, Mathias and Huici, Felipe},
	journal={arXiv preprint arXiv:1802.00673},
	year={2018}
}


@inproceedings{mariani2008automated,
	title={Automated identification of failure causes in system logs},
	author={Mariani, Leonardo and Pastore, Fabrizio},
	booktitle={Software Reliability Engineering, 2008. ISSRE 2008. 19th International Symposium on},
	pages={117--126},
	year={2008},
	organization={IEEE}
}


@article{chandola2009anomaly,
	title={Anomaly detection: A survey},
	author={Chandola, Varun and Banerjee, Arindam and Kumar, Vipin},
	journal={ACM computing surveys (CSUR)},
	volume={41},
	number={3},
	pages={15},
	year={2009},
	publisher={ACM}
}


@mastersthesis{zwietasch2014detecting,
	title={Detecting anomalies in system log files using machine learning techniques},
	author={Zwietasch, Tim},
	type={{B.S.} thesis},
	year={2014}
}


@article{ma2003log,
	title={Log Analysis-Based Intrusion Detection via Unsupervised Learning},
	author={Ma, Pingchuan},
	journal={School of Informatics University of Edinburgh},
	pages={1--70},
	year={2003}
}



@book{xu2010system,
	title={System problem detection by mining console logs},
	author={Xu, Wei},
	year={2010},
	publisher={University of California, Berkeley}
}